
@article{benderskyCognitiveDissonanceNegotiation2009,
  title = {Cognitive {{Dissonance}} in {{Negotiation}}: Free {{Choice}} or {{Justification}}?},
  shorttitle = {Cognitive {{Dissonance}} in {{Negotiation}}},
  author = {Bendersky, Corinne and Curhan, Jared R.},
  date = {2009-06},
  journaltitle = {Social Cognition},
  shortjournal = {Social Cognition},
  volume = {27},
  number = {3},
  pages = {455--474},
  issn = {0278-016X},
  doi = {10.1521/soco.2009.27.3.455},
  url = {http://guilfordjournals.com/doi/10.1521/soco.2009.27.3.455},
  urldate = {2021-09-30},
  langid = {english},
  file = {/Users/melinaalt/Zotero/storage/K2CT8ZSW/Bendersky und Curhan - 2009 - Cognitive Dissonance in Negotiation Free Choice o.pdf}
}

@article{brooksbankCognitiveDissonanceRevisited2020,
  title = {Cognitive Dissonance Revisited: A Typology of {{B2B}} Buyers' Post-Decision ‘Cognitive States’ and Its Implications for Sales Professionals},
  shorttitle = {Cognitive Dissonance Revisited},
  author = {Brooksbank, Roger and Fullerton, Sam},
  date = {2020-01-17},
  journaltitle = {Asia Pacific Journal of Marketing and Logistics},
  shortjournal = {APJML},
  volume = {32},
  number = {8},
  pages = {1759--1782},
  issn = {1355-5855},
  doi = {10.1108/APJML-01-2019-0068},
  url = {https://www.emerald.com/insight/content/doi/10.1108/APJML-01-2019-0068/full/html},
  urldate = {2021-09-30},
  abstract = {Purpose – In revisiting Festinger’s theory of cognitive dissonance, this paper seeks to go beyond traditional business-to-consumer (B2C) research parameters and explore the full extent of its potential application within a New Zealand business-to-business (B2B) purchasing context.},
  langid = {english},
  file = {/Users/melinaalt/Zotero/storage/TPEMJEV7/Brooksbank und Fullerton - 2020 - Cognitive dissonance revisited A typology of B2B .pdf}
}


